%YAML 1.1
%TAG !u! tag:unity3d.com,2011:
--- !u!29 &1
OcclusionCullingSettings:
  m_ObjectHideFlags: 0
  serializedVersion: 2
  m_OcclusionBakeSettings:
    smallestOccluder: 5
    smallestHole: 0.25
    backfaceThreshold: 100
  m_SceneGUID: 00000000000000000000000000000000
  m_OcclusionCullingData: {fileID: 0}
--- !u!104 &2
RenderSettings:
  m_ObjectHideFlags: 0
  serializedVersion: 9
  m_Fog: 1
  m_FogColor: {r: 0.5, g: 0.5, b: 0.5, a: 1}
  m_FogMode: 3
  m_FogDensity: 0.005
  m_LinearFogStart: 0
  m_LinearFogEnd: 300
  m_AmbientSkyColor: {r: 0.212, g: 0.227, b: 0.259, a: 1}
  m_AmbientEquatorColor: {r: 0.114, g: 0.125, b: 0.133, a: 1}
  m_AmbientGroundColor: {r: 0.047, g: 0.043, b: 0.035, a: 1}
  m_AmbientIntensity: 1
  m_AmbientMode: 0
  m_SubtractiveShadowColor: {r: 0.42, g: 0.478, b: 0.627, a: 1}
  m_SkyboxMaterial: {fileID: 2100000, guid: 1d9eee2d2c19c4cbe934906f1cc39888, type: 2}
  m_HaloStrength: 0.5
  m_FlareStrength: 1
  m_FlareFadeSpeed: 3
  m_HaloTexture: {fileID: 0}
  m_SpotCookie: {fileID: 10001, guid: 0000000000000000e000000000000000, type: 0}
  m_DefaultReflectionMode: 1
  m_DefaultReflectionResolution: 128
  m_ReflectionBounces: 1
  m_ReflectionIntensity: 1
  m_CustomReflection: {fileID: 8900000, guid: 515b8238fcf3a4060b79d819c5e9cb12, type: 3}
  m_Sun: {fileID: 0}
  m_IndirectSpecularColor: {r: 0, g: 0, b: 0, a: 1}
  m_UseRadianceAmbientProbe: 0
--- !u!157 &3
LightmapSettings:
  m_ObjectHideFlags: 0
  serializedVersion: 11
  m_GIWorkflowMode: 1
  m_GISettings:
    serializedVersion: 2
    m_BounceScale: 1
    m_IndirectOutputScale: 1
    m_AlbedoBoost: 1
    m_EnvironmentLightingMode: 0
    m_EnableBakedLightmaps: 1
    m_EnableRealtimeLightmaps: 0
  m_LightmapEditorSettings:
    serializedVersion: 12
    m_Resolution: 2
    m_BakeResolution: 40
    m_AtlasSize: 1024
    m_AO: 0
    m_AOMaxDistance: 1
    m_CompAOExponent: 1
    m_CompAOExponentDirect: 0
    m_ExtractAmbientOcclusion: 0
    m_Padding: 2
    m_LightmapParameters: {fileID: 0}
    m_LightmapsBakeMode: 1
    m_TextureCompression: 1
    m_FinalGather: 0
    m_FinalGatherFiltering: 1
    m_FinalGatherRayCount: 256
    m_ReflectionCompression: 2
    m_MixedBakeMode: 2
    m_BakeBackend: 1
    m_PVRSampling: 1
    m_PVRDirectSampleCount: 32
    m_PVRSampleCount: 512
    m_PVRBounces: 2
    m_PVREnvironmentSampleCount: 256
    m_PVREnvironmentReferencePointCount: 2048
    m_PVRFilteringMode: 1
    m_PVRDenoiserTypeDirect: 1
    m_PVRDenoiserTypeIndirect: 1
    m_PVRDenoiserTypeAO: 1
    m_PVRFilterTypeDirect: 0
    m_PVRFilterTypeIndirect: 0
    m_PVRFilterTypeAO: 0
    m_PVREnvironmentMIS: 1
    m_PVRCulling: 1
    m_PVRFilteringGaussRadiusDirect: 1
    m_PVRFilteringGaussRadiusIndirect: 5
    m_PVRFilteringGaussRadiusAO: 2
    m_PVRFilteringAtrousPositionSigmaDirect: 0.5
    m_PVRFilteringAtrousPositionSigmaIndirect: 2
    m_PVRFilteringAtrousPositionSigmaAO: 1
    m_ExportTrainingData: 0
    m_TrainingDataDestination: TrainingData
    m_LightProbeSampleCountMultiplier: 4
  m_LightingDataAsset: {fileID: 0}
  m_UseShadowmask: 1
--- !u!196 &4
NavMeshSettings:
  serializedVersion: 2
  m_ObjectHideFlags: 0
  m_BuildSettings:
    serializedVersion: 2
    agentTypeID: 0
    agentRadius: 0.5
    agentHeight: 2
    agentSlope: 45
    agentClimb: 0.4
    ledgeDropHeight: 0
    maxJumpAcrossDistance: 0
    minRegionArea: 2
    manualCellSize: 0
    cellSize: 0.16666667
    manualTileSize: 0
    tileSize: 256
    accuratePlacement: 0
    debug:
      m_Flags: 0
  m_NavMeshData: {fileID: 0}
--- !u!1001 &156891639
PrefabInstance:
  m_ObjectHideFlags: 0
  serializedVersion: 2
  m_Modification:
    m_TransformParent: {fileID: 0}
    m_Modifications:
    - target: {fileID: 765286943649594296, guid: df1cf61ba4694f24992d220326cb04a4,
        type: 3}
      propertyPath: m_Name
      value: SignHub
      objectReference: {fileID: 0}
    - target: {fileID: 2645227835915505031, guid: df1cf61ba4694f24992d220326cb04a4,
        type: 3}
      propertyPath: m_LocalPosition.z
      value: 0
      objectReference: {fileID: 0}
    - target: {fileID: 6449106106983937606, guid: df1cf61ba4694f24992d220326cb04a4,
        type: 3}
      propertyPath: m_LocalPosition.x
      value: -0.062
      objectReference: {fileID: 0}
    - target: {fileID: 6449106106983937606, guid: df1cf61ba4694f24992d220326cb04a4,
        type: 3}
      propertyPath: m_LocalPosition.y
      value: 1.959
      objectReference: {fileID: 0}
    - target: {fileID: 6449106106983937606, guid: df1cf61ba4694f24992d220326cb04a4,
        type: 3}
      propertyPath: m_LocalPosition.z
      value: 9.66
      objectReference: {fileID: 0}
    - target: {fileID: 6449106106983937606, guid: df1cf61ba4694f24992d220326cb04a4,
        type: 3}
      propertyPath: m_LocalRotation.x
      value: 0
      objectReference: {fileID: 0}
    - target: {fileID: 6449106106983937606, guid: df1cf61ba4694f24992d220326cb04a4,
        type: 3}
      propertyPath: m_LocalRotation.y
      value: 0.0882858
      objectReference: {fileID: 0}
    - target: {fileID: 6449106106983937606, guid: df1cf61ba4694f24992d220326cb04a4,
        type: 3}
      propertyPath: m_LocalRotation.z
      value: 0
      objectReference: {fileID: 0}
    - target: {fileID: 6449106106983937606, guid: df1cf61ba4694f24992d220326cb04a4,
        type: 3}
      propertyPath: m_LocalRotation.w
      value: 0.9960952
      objectReference: {fileID: 0}
    - target: {fileID: 6449106106983937606, guid: df1cf61ba4694f24992d220326cb04a4,
        type: 3}
      propertyPath: m_RootOrder
      value: 7
      objectReference: {fileID: 0}
    - target: {fileID: 6449106106983937606, guid: df1cf61ba4694f24992d220326cb04a4,
        type: 3}
      propertyPath: m_LocalEulerAnglesHint.x
      value: 0
      objectReference: {fileID: 0}
    - target: {fileID: 6449106106983937606, guid: df1cf61ba4694f24992d220326cb04a4,
        type: 3}
      propertyPath: m_LocalEulerAnglesHint.y
      value: 10.13
      objectReference: {fileID: 0}
    - target: {fileID: 6449106106983937606, guid: df1cf61ba4694f24992d220326cb04a4,
        type: 3}
      propertyPath: m_LocalEulerAnglesHint.z
      value: 0
      objectReference: {fileID: 0}
    m_RemovedComponents: []
  m_SourcePrefab: {fileID: 100100000, guid: df1cf61ba4694f24992d220326cb04a4, type: 3}
--- !u!1001 &308472335
PrefabInstance:
  m_ObjectHideFlags: 0
  serializedVersion: 2
  m_Modification:
    m_TransformParent: {fileID: 0}
    m_Modifications:
    - target: {fileID: 3955935183883286183, guid: 0da55d17b6a36b145bfa7930c95b9546,
        type: 3}
      propertyPath: m_Name
      value: WelcomeDialogue
      objectReference: {fileID: 0}
    - target: {fileID: 7790538830273520134, guid: 0da55d17b6a36b145bfa7930c95b9546,
        type: 3}
      propertyPath: m_LocalPosition.x
      value: 0
      objectReference: {fileID: 0}
    - target: {fileID: 7790538830273520134, guid: 0da55d17b6a36b145bfa7930c95b9546,
        type: 3}
      propertyPath: m_LocalPosition.y
      value: 0
      objectReference: {fileID: 0}
    - target: {fileID: 7790538830273520134, guid: 0da55d17b6a36b145bfa7930c95b9546,
        type: 3}
      propertyPath: m_LocalPosition.z
      value: 0
      objectReference: {fileID: 0}
    - target: {fileID: 7790538830273520134, guid: 0da55d17b6a36b145bfa7930c95b9546,
        type: 3}
      propertyPath: m_LocalRotation.x
      value: 0
      objectReference: {fileID: 0}
    - target: {fileID: 7790538830273520134, guid: 0da55d17b6a36b145bfa7930c95b9546,
        type: 3}
      propertyPath: m_LocalRotation.y
      value: 0
      objectReference: {fileID: 0}
    - target: {fileID: 7790538830273520134, guid: 0da55d17b6a36b145bfa7930c95b9546,
        type: 3}
      propertyPath: m_LocalRotation.z
      value: 0
      objectReference: {fileID: 0}
    - target: {fileID: 7790538830273520134, guid: 0da55d17b6a36b145bfa7930c95b9546,
        type: 3}
      propertyPath: m_LocalRotation.w
      value: 1
      objectReference: {fileID: 0}
    - target: {fileID: 7790538830273520134, guid: 0da55d17b6a36b145bfa7930c95b9546,
        type: 3}
      propertyPath: m_RootOrder
      value: 11
      objectReference: {fileID: 0}
    - target: {fileID: 7790538830273520134, guid: 0da55d17b6a36b145bfa7930c95b9546,
        type: 3}
      propertyPath: m_LocalEulerAnglesHint.x
      value: 0
      objectReference: {fileID: 0}
    - target: {fileID: 7790538830273520134, guid: 0da55d17b6a36b145bfa7930c95b9546,
        type: 3}
      propertyPath: m_LocalEulerAnglesHint.y
      value: 0
      objectReference: {fileID: 0}
    - target: {fileID: 7790538830273520134, guid: 0da55d17b6a36b145bfa7930c95b9546,
        type: 3}
      propertyPath: m_LocalEulerAnglesHint.z
      value: 0
      objectReference: {fileID: 0}
    m_RemovedComponents: []
  m_SourcePrefab: {fileID: 100100000, guid: 0da55d17b6a36b145bfa7930c95b9546, type: 3}
--- !u!1001 &413526921
PrefabInstance:
  m_ObjectHideFlags: 0
  serializedVersion: 2
  m_Modification:
    m_TransformParent: {fileID: 0}
    m_Modifications:
    - target: {fileID: 6911963932584567208, guid: 976268515f400fa46a84adc26fc405ab,
        type: 3}
      propertyPath: m_LocalPosition.x
      value: 0
      objectReference: {fileID: 0}
    - target: {fileID: 6911963932584567208, guid: 976268515f400fa46a84adc26fc405ab,
        type: 3}
      propertyPath: m_LocalPosition.y
      value: 0.54
      objectReference: {fileID: 0}
    - target: {fileID: 6911963932584567208, guid: 976268515f400fa46a84adc26fc405ab,
        type: 3}
      propertyPath: m_LocalPosition.z
      value: 0
      objectReference: {fileID: 0}
    - target: {fileID: 6911963932584567208, guid: 976268515f400fa46a84adc26fc405ab,
        type: 3}
      propertyPath: m_LocalRotation.x
      value: 0
      objectReference: {fileID: 0}
    - target: {fileID: 6911963932584567208, guid: 976268515f400fa46a84adc26fc405ab,
        type: 3}
      propertyPath: m_LocalRotation.y
      value: 0
      objectReference: {fileID: 0}
    - target: {fileID: 6911963932584567208, guid: 976268515f400fa46a84adc26fc405ab,
        type: 3}
      propertyPath: m_LocalRotation.z
      value: 0
      objectReference: {fileID: 0}
    - target: {fileID: 6911963932584567208, guid: 976268515f400fa46a84adc26fc405ab,
        type: 3}
      propertyPath: m_LocalRotation.w
      value: 1
      objectReference: {fileID: 0}
    - target: {fileID: 6911963932584567208, guid: 976268515f400fa46a84adc26fc405ab,
        type: 3}
      propertyPath: m_RootOrder
      value: 4
      objectReference: {fileID: 0}
    - target: {fileID: 6911963932584567208, guid: 976268515f400fa46a84adc26fc405ab,
        type: 3}
      propertyPath: m_LocalEulerAnglesHint.x
      value: 0
      objectReference: {fileID: 0}
    - target: {fileID: 6911963932584567208, guid: 976268515f400fa46a84adc26fc405ab,
        type: 3}
      propertyPath: m_LocalEulerAnglesHint.y
      value: 0
      objectReference: {fileID: 0}
    - target: {fileID: 6911963932584567208, guid: 976268515f400fa46a84adc26fc405ab,
        type: 3}
      propertyPath: m_LocalEulerAnglesHint.z
      value: 0
      objectReference: {fileID: 0}
    - target: {fileID: 6911963932584567222, guid: 976268515f400fa46a84adc26fc405ab,
        type: 3}
      propertyPath: m_Name
      value: Player
      objectReference: {fileID: 0}
    m_RemovedComponents: []
  m_SourcePrefab: {fileID: 100100000, guid: 976268515f400fa46a84adc26fc405ab, type: 3}
--- !u!1001 &614083133
PrefabInstance:
  m_ObjectHideFlags: 0
  serializedVersion: 2
  m_Modification:
    m_TransformParent: {fileID: 0}
    m_Modifications:
    - target: {fileID: 3506334424373907643, guid: 057312d59d70ac0438a97961620e8633,
        type: 3}
      propertyPath: m_Name
      value: LevelManager
      objectReference: {fileID: 0}
    - target: {fileID: 6478374370170717094, guid: 057312d59d70ac0438a97961620e8633,
        type: 3}
      propertyPath: m_LocalPosition.x
      value: 0
      objectReference: {fileID: 0}
    - target: {fileID: 6478374370170717094, guid: 057312d59d70ac0438a97961620e8633,
        type: 3}
      propertyPath: m_LocalPosition.y
      value: 0
      objectReference: {fileID: 0}
    - target: {fileID: 6478374370170717094, guid: 057312d59d70ac0438a97961620e8633,
        type: 3}
      propertyPath: m_LocalPosition.z
      value: 0
      objectReference: {fileID: 0}
    - target: {fileID: 6478374370170717094, guid: 057312d59d70ac0438a97961620e8633,
        type: 3}
      propertyPath: m_LocalRotation.x
      value: 0
      objectReference: {fileID: 0}
    - target: {fileID: 6478374370170717094, guid: 057312d59d70ac0438a97961620e8633,
        type: 3}
      propertyPath: m_LocalRotation.y
      value: 0
      objectReference: {fileID: 0}
    - target: {fileID: 6478374370170717094, guid: 057312d59d70ac0438a97961620e8633,
        type: 3}
      propertyPath: m_LocalRotation.z
      value: 0
      objectReference: {fileID: 0}
    - target: {fileID: 6478374370170717094, guid: 057312d59d70ac0438a97961620e8633,
        type: 3}
      propertyPath: m_LocalRotation.w
      value: 1
      objectReference: {fileID: 0}
    - target: {fileID: 6478374370170717094, guid: 057312d59d70ac0438a97961620e8633,
        type: 3}
      propertyPath: m_RootOrder
      value: 10
      objectReference: {fileID: 0}
    - target: {fileID: 6478374370170717094, guid: 057312d59d70ac0438a97961620e8633,
        type: 3}
      propertyPath: m_LocalEulerAnglesHint.x
      value: 0
      objectReference: {fileID: 0}
    - target: {fileID: 6478374370170717094, guid: 057312d59d70ac0438a97961620e8633,
        type: 3}
      propertyPath: m_LocalEulerAnglesHint.y
      value: 0
      objectReference: {fileID: 0}
    - target: {fileID: 6478374370170717094, guid: 057312d59d70ac0438a97961620e8633,
        type: 3}
      propertyPath: m_LocalEulerAnglesHint.z
      value: 0
      objectReference: {fileID: 0}
    m_RemovedComponents: []
  m_SourcePrefab: {fileID: 100100000, guid: 057312d59d70ac0438a97961620e8633, type: 3}
--- !u!1001 &932843701
PrefabInstance:
  m_ObjectHideFlags: 0
  serializedVersion: 2
  m_Modification:
    m_TransformParent: {fileID: 0}
    m_Modifications:
    - target: {fileID: 886131475300658208, guid: 4450510066dc2c6449ff7cdf42132b9a,
        type: 3}
      propertyPath: m_LocalPosition.x
      value: 2.5612144
      objectReference: {fileID: 0}
    - target: {fileID: 886131475300658208, guid: 4450510066dc2c6449ff7cdf42132b9a,
        type: 3}
      propertyPath: m_LocalPosition.y
      value: -4.6374283
      objectReference: {fileID: 0}
    - target: {fileID: 886131475300658208, guid: 4450510066dc2c6449ff7cdf42132b9a,
        type: 3}
      propertyPath: m_LocalPosition.z
      value: 9.637505
      objectReference: {fileID: 0}
    - target: {fileID: 886131475300658208, guid: 4450510066dc2c6449ff7cdf42132b9a,
        type: 3}
      propertyPath: m_LocalRotation.x
      value: 0
      objectReference: {fileID: 0}
    - target: {fileID: 886131475300658208, guid: 4450510066dc2c6449ff7cdf42132b9a,
        type: 3}
      propertyPath: m_LocalRotation.y
      value: 0
      objectReference: {fileID: 0}
    - target: {fileID: 886131475300658208, guid: 4450510066dc2c6449ff7cdf42132b9a,
        type: 3}
      propertyPath: m_LocalRotation.z
      value: 0
      objectReference: {fileID: 0}
    - target: {fileID: 886131475300658208, guid: 4450510066dc2c6449ff7cdf42132b9a,
        type: 3}
      propertyPath: m_LocalRotation.w
      value: 1
      objectReference: {fileID: 0}
    - target: {fileID: 886131475300658208, guid: 4450510066dc2c6449ff7cdf42132b9a,
        type: 3}
      propertyPath: m_RootOrder
      value: 13
      objectReference: {fileID: 0}
    - target: {fileID: 886131475300658208, guid: 4450510066dc2c6449ff7cdf42132b9a,
        type: 3}
      propertyPath: m_LocalEulerAnglesHint.x
      value: 0
      objectReference: {fileID: 0}
    - target: {fileID: 886131475300658208, guid: 4450510066dc2c6449ff7cdf42132b9a,
        type: 3}
      propertyPath: m_LocalEulerAnglesHint.y
      value: 0
      objectReference: {fileID: 0}
    - target: {fileID: 886131475300658208, guid: 4450510066dc2c6449ff7cdf42132b9a,
        type: 3}
      propertyPath: m_LocalEulerAnglesHint.z
      value: 0
      objectReference: {fileID: 0}
    - target: {fileID: 886131475300658209, guid: 4450510066dc2c6449ff7cdf42132b9a,
        type: 3}
      propertyPath: m_Name
      value: MoodController
      objectReference: {fileID: 0}
    m_RemovedComponents: []
  m_SourcePrefab: {fileID: 100100000, guid: 4450510066dc2c6449ff7cdf42132b9a, type: 3}
--- !u!1 &1000860810
GameObject:
  m_ObjectHideFlags: 0
  m_CorrespondingSourceObject: {fileID: 0}
  m_PrefabInstance: {fileID: 0}
  m_PrefabAsset: {fileID: 0}
  serializedVersion: 6
  m_Component:
  - component: {fileID: 1000860814}
  - component: {fileID: 1000860813}
  - component: {fileID: 1000860812}
  - component: {fileID: 1000860811}
  m_Layer: 0
  m_Name: Floor (1)
  m_TagString: Untagged
  m_Icon: {fileID: 0}
  m_NavMeshLayer: 0
  m_StaticEditorFlags: 0
  m_IsActive: 1
--- !u!65 &1000860811
BoxCollider:
  m_ObjectHideFlags: 0
  m_CorrespondingSourceObject: {fileID: 0}
  m_PrefabInstance: {fileID: 0}
  m_PrefabAsset: {fileID: 0}
  m_GameObject: {fileID: 1000860810}
  m_Material: {fileID: 0}
  m_IsTrigger: 0
  m_Enabled: 1
  serializedVersion: 2
  m_Size: {x: 1, y: 1, z: 1}
  m_Center: {x: 0, y: 0, z: 0}
--- !u!23 &1000860812
MeshRenderer:
  m_ObjectHideFlags: 0
  m_CorrespondingSourceObject: {fileID: 0}
  m_PrefabInstance: {fileID: 0}
  m_PrefabAsset: {fileID: 0}
  m_GameObject: {fileID: 1000860810}
  m_Enabled: 1
  m_CastShadows: 1
  m_ReceiveShadows: 1
  m_DynamicOccludee: 1
  m_MotionVectors: 1
  m_LightProbeUsage: 1
  m_ReflectionProbeUsage: 1
  m_RayTracingMode: 2
  m_RenderingLayerMask: 1
  m_RendererPriority: 0
  m_Materials:
  - {fileID: 2100000, guid: 31321ba15b8f8eb4c954353edc038b1d, type: 2}
  m_StaticBatchInfo:
    firstSubMesh: 0
    subMeshCount: 0
  m_StaticBatchRoot: {fileID: 0}
  m_ProbeAnchor: {fileID: 0}
  m_LightProbeVolumeOverride: {fileID: 0}
  m_ScaleInLightmap: 1
  m_ReceiveGI: 1
  m_PreserveUVs: 0
  m_IgnoreNormalsForChartDetection: 0
  m_ImportantGI: 0
  m_StitchLightmapSeams: 1
  m_SelectedEditorRenderState: 3
  m_MinimumChartSize: 4
  m_AutoUVMaxDistance: 0.5
  m_AutoUVMaxAngle: 89
  m_LightmapParameters: {fileID: 0}
  m_SortingLayerID: 0
  m_SortingLayer: 0
  m_SortingOrder: 0
--- !u!33 &1000860813
MeshFilter:
  m_ObjectHideFlags: 0
  m_CorrespondingSourceObject: {fileID: 0}
  m_PrefabInstance: {fileID: 0}
  m_PrefabAsset: {fileID: 0}
  m_GameObject: {fileID: 1000860810}
  m_Mesh: {fileID: 10202, guid: 0000000000000000e000000000000000, type: 0}
--- !u!4 &1000860814
Transform:
  m_ObjectHideFlags: 0
  m_CorrespondingSourceObject: {fileID: 0}
  m_PrefabInstance: {fileID: 0}
  m_PrefabAsset: {fileID: 0}
  m_GameObject: {fileID: 1000860810}
  m_LocalRotation: {x: 0, y: 0, z: 0, w: 1}
  m_LocalPosition: {x: 0, y: 0, z: -15}
  m_LocalScale: {x: 10, y: 1, z: 10}
  m_Children: []
  m_Father: {fileID: 0}
  m_RootOrder: 2
  m_LocalEulerAnglesHint: {x: 0, y: 0, z: 0}
--- !u!1001 &1113555766
PrefabInstance:
  m_ObjectHideFlags: 0
  serializedVersion: 2
  m_Modification:
    m_TransformParent: {fileID: 0}
    m_Modifications:
    - target: {fileID: 4062295903166722718, guid: 57cef58137195294da13a362e3e456bb,
        type: 3}
      propertyPath: m_Name
      value: BackgroundMusic
      objectReference: {fileID: 0}
    - target: {fileID: 7618281610650364575, guid: 57cef58137195294da13a362e3e456bb,
        type: 3}
      propertyPath: m_LocalPosition.x
      value: 0
      objectReference: {fileID: 0}
    - target: {fileID: 7618281610650364575, guid: 57cef58137195294da13a362e3e456bb,
        type: 3}
      propertyPath: m_LocalPosition.y
      value: 0
      objectReference: {fileID: 0}
    - target: {fileID: 7618281610650364575, guid: 57cef58137195294da13a362e3e456bb,
        type: 3}
      propertyPath: m_LocalPosition.z
      value: 0
      objectReference: {fileID: 0}
    - target: {fileID: 7618281610650364575, guid: 57cef58137195294da13a362e3e456bb,
        type: 3}
      propertyPath: m_LocalRotation.x
      value: 0
      objectReference: {fileID: 0}
    - target: {fileID: 7618281610650364575, guid: 57cef58137195294da13a362e3e456bb,
        type: 3}
      propertyPath: m_LocalRotation.y
      value: 0
      objectReference: {fileID: 0}
    - target: {fileID: 7618281610650364575, guid: 57cef58137195294da13a362e3e456bb,
        type: 3}
      propertyPath: m_LocalRotation.z
      value: 0
      objectReference: {fileID: 0}
    - target: {fileID: 7618281610650364575, guid: 57cef58137195294da13a362e3e456bb,
        type: 3}
      propertyPath: m_LocalRotation.w
      value: 1
      objectReference: {fileID: 0}
    - target: {fileID: 7618281610650364575, guid: 57cef58137195294da13a362e3e456bb,
        type: 3}
      propertyPath: m_RootOrder
      value: 12
      objectReference: {fileID: 0}
    - target: {fileID: 7618281610650364575, guid: 57cef58137195294da13a362e3e456bb,
        type: 3}
      propertyPath: m_LocalEulerAnglesHint.x
      value: 0
      objectReference: {fileID: 0}
    - target: {fileID: 7618281610650364575, guid: 57cef58137195294da13a362e3e456bb,
        type: 3}
      propertyPath: m_LocalEulerAnglesHint.y
      value: 0
      objectReference: {fileID: 0}
    - target: {fileID: 7618281610650364575, guid: 57cef58137195294da13a362e3e456bb,
        type: 3}
      propertyPath: m_LocalEulerAnglesHint.z
      value: 0
      objectReference: {fileID: 0}
    m_RemovedComponents: []
  m_SourcePrefab: {fileID: 100100000, guid: 57cef58137195294da13a362e3e456bb, type: 3}
--- !u!1001 &1350257483
PrefabInstance:
  m_ObjectHideFlags: 0
  serializedVersion: 2
  m_Modification:
    m_TransformParent: {fileID: 0}
    m_Modifications:
    - target: {fileID: 1471865233616482603, guid: cc915e20e359df34f895199b82757f2b,
        type: 3}
      propertyPath: m_LocalPosition.z
      value: 0
      objectReference: {fileID: 0}
    - target: {fileID: 7909764425584743233, guid: cc915e20e359df34f895199b82757f2b,
        type: 3}
      propertyPath: m_LocalPosition.x
      value: 9.66
      objectReference: {fileID: 0}
    - target: {fileID: 7909764425584743233, guid: cc915e20e359df34f895199b82757f2b,
        type: 3}
      propertyPath: m_LocalPosition.y
      value: 2.85
      objectReference: {fileID: 0}
    - target: {fileID: 7909764425584743233, guid: cc915e20e359df34f895199b82757f2b,
        type: 3}
      propertyPath: m_LocalPosition.z
      value: 5.46
      objectReference: {fileID: 0}
    - target: {fileID: 7909764425584743233, guid: cc915e20e359df34f895199b82757f2b,
        type: 3}
      propertyPath: m_LocalRotation.x
      value: 0
      objectReference: {fileID: 0}
    - target: {fileID: 7909764425584743233, guid: cc915e20e359df34f895199b82757f2b,
        type: 3}
      propertyPath: m_LocalRotation.y
      value: 0.92247075
      objectReference: {fileID: 0}
    - target: {fileID: 7909764425584743233, guid: cc915e20e359df34f895199b82757f2b,
        type: 3}
      propertyPath: m_LocalRotation.z
      value: 0
      objectReference: {fileID: 0}
    - target: {fileID: 7909764425584743233, guid: cc915e20e359df34f895199b82757f2b,
        type: 3}
      propertyPath: m_LocalRotation.w
      value: 0.3860671
      objectReference: {fileID: 0}
    - target: {fileID: 7909764425584743233, guid: cc915e20e359df34f895199b82757f2b,
        type: 3}
      propertyPath: m_RootOrder
      value: 8
      objectReference: {fileID: 0}
    - target: {fileID: 7909764425584743233, guid: cc915e20e359df34f895199b82757f2b,
        type: 3}
      propertyPath: m_LocalEulerAnglesHint.x
      value: 0
      objectReference: {fileID: 0}
    - target: {fileID: 7909764425584743233, guid: cc915e20e359df34f895199b82757f2b,
        type: 3}
      propertyPath: m_LocalEulerAnglesHint.y
      value: 134.58
      objectReference: {fileID: 0}
    - target: {fileID: 7909764425584743233, guid: cc915e20e359df34f895199b82757f2b,
        type: 3}
      propertyPath: m_LocalEulerAnglesHint.z
      value: 0
      objectReference: {fileID: 0}
    - target: {fileID: 7909764425584743262, guid: cc915e20e359df34f895199b82757f2b,
        type: 3}
      propertyPath: m_Name
      value: SignZone2
      objectReference: {fileID: 0}
    m_RemovedComponents: []
  m_SourcePrefab: {fileID: 100100000, guid: cc915e20e359df34f895199b82757f2b, type: 3}
--- !u!1001 &1395633163
PrefabInstance:
  m_ObjectHideFlags: 0
  serializedVersion: 2
  m_Modification:
    m_TransformParent: {fileID: 0}
    m_Modifications:
    - target: {fileID: 7842386412365520742, guid: 0eab1d089cbe1b749a2a91ae2e9fbf6f,
        type: 3}
      propertyPath: m_LocalPosition.z
      value: 0
      objectReference: {fileID: 0}
    - target: {fileID: 7909764425584743233, guid: 0eab1d089cbe1b749a2a91ae2e9fbf6f,
        type: 3}
      propertyPath: m_LocalPosition.x
      value: -8.78
      objectReference: {fileID: 0}
    - target: {fileID: 7909764425584743233, guid: 0eab1d089cbe1b749a2a91ae2e9fbf6f,
        type: 3}
      propertyPath: m_LocalPosition.y
      value: 2.52
      objectReference: {fileID: 0}
    - target: {fileID: 7909764425584743233, guid: 0eab1d089cbe1b749a2a91ae2e9fbf6f,
        type: 3}
      propertyPath: m_LocalPosition.z
      value: 9.78
      objectReference: {fileID: 0}
    - target: {fileID: 7909764425584743233, guid: 0eab1d089cbe1b749a2a91ae2e9fbf6f,
        type: 3}
      propertyPath: m_LocalRotation.x
      value: 0
      objectReference: {fileID: 0}
    - target: {fileID: 7909764425584743233, guid: 0eab1d089cbe1b749a2a91ae2e9fbf6f,
        type: 3}
      propertyPath: m_LocalRotation.y
      value: 0
      objectReference: {fileID: 0}
    - target: {fileID: 7909764425584743233, guid: 0eab1d089cbe1b749a2a91ae2e9fbf6f,
        type: 3}
      propertyPath: m_LocalRotation.z
      value: 0
      objectReference: {fileID: 0}
    - target: {fileID: 7909764425584743233, guid: 0eab1d089cbe1b749a2a91ae2e9fbf6f,
        type: 3}
      propertyPath: m_LocalRotation.w
      value: 1
      objectReference: {fileID: 0}
    - target: {fileID: 7909764425584743233, guid: 0eab1d089cbe1b749a2a91ae2e9fbf6f,
        type: 3}
      propertyPath: m_RootOrder
      value: 9
      objectReference: {fileID: 0}
    - target: {fileID: 7909764425584743233, guid: 0eab1d089cbe1b749a2a91ae2e9fbf6f,
        type: 3}
      propertyPath: m_LocalEulerAnglesHint.x
      value: 0
      objectReference: {fileID: 0}
    - target: {fileID: 7909764425584743233, guid: 0eab1d089cbe1b749a2a91ae2e9fbf6f,
        type: 3}
      propertyPath: m_LocalEulerAnglesHint.y
      value: 0
      objectReference: {fileID: 0}
    - target: {fileID: 7909764425584743233, guid: 0eab1d089cbe1b749a2a91ae2e9fbf6f,
        type: 3}
      propertyPath: m_LocalEulerAnglesHint.z
      value: 0
      objectReference: {fileID: 0}
    - target: {fileID: 7909764425584743262, guid: 0eab1d089cbe1b749a2a91ae2e9fbf6f,
        type: 3}
      propertyPath: m_Name
      value: SignZone3
      objectReference: {fileID: 0}
    m_RemovedComponents: []
  m_SourcePrefab: {fileID: 100100000, guid: 0eab1d089cbe1b749a2a91ae2e9fbf6f, type: 3}
--- !u!1001 &1478791223
PrefabInstance:
  m_ObjectHideFlags: 0
  serializedVersion: 2
  m_Modification:
    m_TransformParent: {fileID: 0}
    m_Modifications:
    - target: {fileID: 1396761388551089972, guid: 10b85ccb80e0fb14889e226df9758eeb,
        type: 3}
      propertyPath: m_LocalPosition.x
      value: 6.3
      objectReference: {fileID: 0}
    - target: {fileID: 1396761388551089972, guid: 10b85ccb80e0fb14889e226df9758eeb,
        type: 3}
      propertyPath: m_LocalPosition.y
      value: 4.61
      objectReference: {fileID: 0}
    - target: {fileID: 1396761388551089972, guid: 10b85ccb80e0fb14889e226df9758eeb,
        type: 3}
      propertyPath: m_LocalPosition.z
      value: -2.13
      objectReference: {fileID: 0}
    - target: {fileID: 1396761388551089972, guid: 10b85ccb80e0fb14889e226df9758eeb,
        type: 3}
      propertyPath: m_LocalRotation.x
      value: 0
      objectReference: {fileID: 0}
    - target: {fileID: 1396761388551089972, guid: 10b85ccb80e0fb14889e226df9758eeb,
        type: 3}
      propertyPath: m_LocalRotation.y
      value: 0
      objectReference: {fileID: 0}
    - target: {fileID: 1396761388551089972, guid: 10b85ccb80e0fb14889e226df9758eeb,
        type: 3}
      propertyPath: m_LocalRotation.z
      value: 0
      objectReference: {fileID: 0}
    - target: {fileID: 1396761388551089972, guid: 10b85ccb80e0fb14889e226df9758eeb,
        type: 3}
      propertyPath: m_LocalRotation.w
      value: 1
      objectReference: {fileID: 0}
    - target: {fileID: 1396761388551089972, guid: 10b85ccb80e0fb14889e226df9758eeb,
        type: 3}
      propertyPath: m_RootOrder
      value: 5
      objectReference: {fileID: 0}
    - target: {fileID: 1396761388551089972, guid: 10b85ccb80e0fb14889e226df9758eeb,
        type: 3}
      propertyPath: m_LocalEulerAnglesHint.x
      value: 0
      objectReference: {fileID: 0}
    - target: {fileID: 1396761388551089972, guid: 10b85ccb80e0fb14889e226df9758eeb,
        type: 3}
      propertyPath: m_LocalEulerAnglesHint.y
      value: 0
      objectReference: {fileID: 0}
    - target: {fileID: 1396761388551089972, guid: 10b85ccb80e0fb14889e226df9758eeb,
        type: 3}
      propertyPath: m_LocalEulerAnglesHint.z
      value: 0
      objectReference: {fileID: 0}
    - target: {fileID: 1396761388551089973, guid: 10b85ccb80e0fb14889e226df9758eeb,
        type: 3}
      propertyPath: m_Name
      value: Boot (Sign)
      objectReference: {fileID: 0}
    - target: {fileID: 6897890442793556896, guid: 10b85ccb80e0fb14889e226df9758eeb,
        type: 3}
      propertyPath: m_LocalPosition.z
      value: 0
      objectReference: {fileID: 0}
    m_RemovedComponents: []
  m_SourcePrefab: {fileID: 100100000, guid: 10b85ccb80e0fb14889e226df9758eeb, type: 3}
--- !u!1 &1517805060
GameObject:
  m_ObjectHideFlags: 0
  m_CorrespondingSourceObject: {fileID: 0}
  m_PrefabInstance: {fileID: 0}
  m_PrefabAsset: {fileID: 0}
  serializedVersion: 6
  m_Component:
  - component: {fileID: 1517805064}
  - component: {fileID: 1517805063}
  - component: {fileID: 1517805062}
  - component: {fileID: 1517805061}
  m_Layer: 0
  m_Name: Floor
  m_TagString: Untagged
  m_Icon: {fileID: 0}
  m_NavMeshLayer: 0
  m_StaticEditorFlags: 0
  m_IsActive: 1
--- !u!65 &1517805061
BoxCollider:
  m_ObjectHideFlags: 0
  m_CorrespondingSourceObject: {fileID: 0}
  m_PrefabInstance: {fileID: 0}
  m_PrefabAsset: {fileID: 0}
  m_GameObject: {fileID: 1517805060}
  m_Material: {fileID: 0}
  m_IsTrigger: 0
  m_Enabled: 1
  serializedVersion: 2
  m_Size: {x: 1, y: 1, z: 1}
  m_Center: {x: 0, y: 0, z: 0}
--- !u!23 &1517805062
MeshRenderer:
  m_ObjectHideFlags: 0
  m_CorrespondingSourceObject: {fileID: 0}
  m_PrefabInstance: {fileID: 0}
  m_PrefabAsset: {fileID: 0}
  m_GameObject: {fileID: 1517805060}
  m_Enabled: 1
  m_CastShadows: 1
  m_ReceiveShadows: 1
  m_DynamicOccludee: 1
  m_MotionVectors: 1
  m_LightProbeUsage: 1
  m_ReflectionProbeUsage: 1
  m_RayTracingMode: 2
  m_RenderingLayerMask: 1
  m_RendererPriority: 0
  m_Materials:
  - {fileID: 2100000, guid: 31321ba15b8f8eb4c954353edc038b1d, type: 2}
  m_StaticBatchInfo:
    firstSubMesh: 0
    subMeshCount: 0
  m_StaticBatchRoot: {fileID: 0}
  m_ProbeAnchor: {fileID: 0}
  m_LightProbeVolumeOverride: {fileID: 0}
  m_ScaleInLightmap: 1
  m_ReceiveGI: 1
  m_PreserveUVs: 0
  m_IgnoreNormalsForChartDetection: 0
  m_ImportantGI: 0
  m_StitchLightmapSeams: 1
  m_SelectedEditorRenderState: 3
  m_MinimumChartSize: 4
  m_AutoUVMaxDistance: 0.5
  m_AutoUVMaxAngle: 89
  m_LightmapParameters: {fileID: 0}
  m_SortingLayerID: 0
  m_SortingLayer: 0
  m_SortingOrder: 0
--- !u!33 &1517805063
MeshFilter:
  m_ObjectHideFlags: 0
  m_CorrespondingSourceObject: {fileID: 0}
  m_PrefabInstance: {fileID: 0}
  m_PrefabAsset: {fileID: 0}
  m_GameObject: {fileID: 1517805060}
  m_Mesh: {fileID: 10202, guid: 0000000000000000e000000000000000, type: 0}
--- !u!4 &1517805064
Transform:
  m_ObjectHideFlags: 0
  m_CorrespondingSourceObject: {fileID: 0}
  m_PrefabInstance: {fileID: 0}
  m_PrefabAsset: {fileID: 0}
  m_GameObject: {fileID: 1517805060}
  m_LocalRotation: {x: 0, y: 0, z: 0, w: 1}
  m_LocalPosition: {x: 0, y: 0, z: 0}
  m_LocalScale: {x: 20, y: 1, z: 20}
  m_Children: []
  m_Father: {fileID: 0}
  m_RootOrder: 0
  m_LocalEulerAnglesHint: {x: 0, y: 0, z: 0}
--- !u!1001 &1655399772
PrefabInstance:
  m_ObjectHideFlags: 0
  serializedVersion: 2
  m_Modification:
    m_TransformParent: {fileID: 0}
    m_Modifications:
    - target: {fileID: 500271823569291836, guid: 64b28f3ef42867f4cac22c12c278145c,
        type: 3}
      propertyPath: m_Name
      value: Bucket (Sign)
      objectReference: {fileID: 0}
    - target: {fileID: 500271823569291837, guid: 64b28f3ef42867f4cac22c12c278145c,
        type: 3}
      propertyPath: m_LocalPosition.x
      value: -1.853
      objectReference: {fileID: 0}
    - target: {fileID: 500271823569291837, guid: 64b28f3ef42867f4cac22c12c278145c,
        type: 3}
      propertyPath: m_LocalPosition.y
      value: 2.996
      objectReference: {fileID: 0}
    - target: {fileID: 500271823569291837, guid: 64b28f3ef42867f4cac22c12c278145c,
        type: 3}
      propertyPath: m_LocalPosition.z
      value: -4.36
      objectReference: {fileID: 0}
    - target: {fileID: 500271823569291837, guid: 64b28f3ef42867f4cac22c12c278145c,
        type: 3}
      propertyPath: m_LocalRotation.x
      value: 0
      objectReference: {fileID: 0}
    - target: {fileID: 500271823569291837, guid: 64b28f3ef42867f4cac22c12c278145c,
        type: 3}
      propertyPath: m_LocalRotation.y
      value: 0.03411452
      objectReference: {fileID: 0}
    - target: {fileID: 500271823569291837, guid: 64b28f3ef42867f4cac22c12c278145c,
        type: 3}
      propertyPath: m_LocalRotation.z
      value: 0
      objectReference: {fileID: 0}
    - target: {fileID: 500271823569291837, guid: 64b28f3ef42867f4cac22c12c278145c,
        type: 3}
      propertyPath: m_LocalRotation.w
      value: 0.99941796
      objectReference: {fileID: 0}
    - target: {fileID: 500271823569291837, guid: 64b28f3ef42867f4cac22c12c278145c,
        type: 3}
      propertyPath: m_RootOrder
      value: 6
      objectReference: {fileID: 0}
    - target: {fileID: 500271823569291837, guid: 64b28f3ef42867f4cac22c12c278145c,
        type: 3}
      propertyPath: m_LocalEulerAnglesHint.x
      value: 0
      objectReference: {fileID: 0}
    - target: {fileID: 500271823569291837, guid: 64b28f3ef42867f4cac22c12c278145c,
        type: 3}
      propertyPath: m_LocalEulerAnglesHint.y
      value: 3.91
      objectReference: {fileID: 0}
    - target: {fileID: 500271823569291837, guid: 64b28f3ef42867f4cac22c12c278145c,
        type: 3}
      propertyPath: m_LocalEulerAnglesHint.z
      value: 0
      objectReference: {fileID: 0}
    - target: {fileID: 5135788728215285376, guid: 64b28f3ef42867f4cac22c12c278145c,
        type: 3}
      propertyPath: m_LocalPosition.z
      value: 0
      objectReference: {fileID: 0}
    m_RemovedComponents: []
  m_SourcePrefab: {fileID: 100100000, guid: 64b28f3ef42867f4cac22c12c278145c, type: 3}
--- !u!1 &2007840569
GameObject:
  m_ObjectHideFlags: 0
  m_CorrespondingSourceObject: {fileID: 0}
  m_PrefabInstance: {fileID: 0}
  m_PrefabAsset: {fileID: 0}
  serializedVersion: 6
  m_Component:
  - component: {fileID: 2007840572}
  - component: {fileID: 2007840571}
  - component: {fileID: 2007840570}
  m_Layer: 0
  m_Name: EventSystem
  m_TagString: Untagged
  m_Icon: {fileID: 0}
  m_NavMeshLayer: 0
  m_StaticEditorFlags: 0
  m_IsActive: 1
--- !u!114 &2007840570
MonoBehaviour:
  m_ObjectHideFlags: 0
  m_CorrespondingSourceObject: {fileID: 0}
  m_PrefabInstance: {fileID: 0}
  m_PrefabAsset: {fileID: 0}
  m_GameObject: {fileID: 2007840569}
  m_Enabled: 1
  m_EditorHideFlags: 0
  m_Script: {fileID: 11500000, guid: 01614664b831546d2ae94a42149d80ac, type: 3}
  m_Name: 
  m_EditorClassIdentifier: 
  m_MoveRepeatDelay: 0.5
  m_MoveRepeatRate: 0.1
  m_ActionsAsset: {fileID: -944628639613478452, guid: ca9f5fa95ffab41fb9a615ab714db018,
    type: 3}
  m_PointAction: {fileID: 1054132383583890850, guid: ca9f5fa95ffab41fb9a615ab714db018,
    type: 3}
  m_MoveAction: {fileID: 3710738434707379630, guid: ca9f5fa95ffab41fb9a615ab714db018,
    type: 3}
  m_SubmitAction: {fileID: 2064916234097673511, guid: ca9f5fa95ffab41fb9a615ab714db018,
    type: 3}
  m_CancelAction: {fileID: -1967631576421560919, guid: ca9f5fa95ffab41fb9a615ab714db018,
    type: 3}
  m_LeftClickAction: {fileID: 8056856818456041789, guid: ca9f5fa95ffab41fb9a615ab714db018,
    type: 3}
  m_MiddleClickAction: {fileID: 3279352641294131588, guid: ca9f5fa95ffab41fb9a615ab714db018,
    type: 3}
  m_RightClickAction: {fileID: 3837173908680883260, guid: ca9f5fa95ffab41fb9a615ab714db018,
    type: 3}
  m_ScrollWheelAction: {fileID: 4502412055082496612, guid: ca9f5fa95ffab41fb9a615ab714db018,
    type: 3}
  m_TrackedDevicePositionAction: {fileID: 4754684134866288074, guid: ca9f5fa95ffab41fb9a615ab714db018,
    type: 3}
  m_TrackedDeviceOrientationAction: {fileID: 1025543830046995696, guid: ca9f5fa95ffab41fb9a615ab714db018,
    type: 3}
  m_DeselectOnBackgroundClick: 1
  m_PointerBehavior: 0
--- !u!114 &2007840571
MonoBehaviour:
  m_ObjectHideFlags: 0
  m_CorrespondingSourceObject: {fileID: 0}
  m_PrefabInstance: {fileID: 0}
  m_PrefabAsset: {fileID: 0}
  m_GameObject: {fileID: 2007840569}
  m_Enabled: 1
  m_EditorHideFlags: 0
  m_Script: {fileID: 11500000, guid: 76c392e42b5098c458856cdf6ecaaaa1, type: 3}
  m_Name: 
  m_EditorClassIdentifier: 
  m_FirstSelected: {fileID: 0}
  m_sendNavigationEvents: 1
  m_DragThreshold: 10
--- !u!4 &2007840572
Transform:
  m_ObjectHideFlags: 0
  m_CorrespondingSourceObject: {fileID: 0}
  m_PrefabInstance: {fileID: 0}
  m_PrefabAsset: {fileID: 0}
  m_GameObject: {fileID: 2007840569}
  m_LocalRotation: {x: 0, y: 0, z: 0, w: 1}
  m_LocalPosition: {x: 0, y: 0, z: 0}
  m_LocalScale: {x: 1, y: 1, z: 1}
  m_Children: []
  m_Father: {fileID: 0}
  m_RootOrder: 15
  m_LocalEulerAnglesHint: {x: 0, y: 0, z: 0}
--- !u!1001 &2013946448
PrefabInstance:
  m_ObjectHideFlags: 0
  serializedVersion: 2
  m_Modification:
    m_TransformParent: {fileID: 0}
    m_Modifications:
    - target: {fileID: 1127135917206577965, guid: b68e04260b325f046a45055fc4e9b986,
        type: 3}
      propertyPath: m_LocalPosition.z
      value: 0
      objectReference: {fileID: 0}
    - target: {fileID: 3393605439687009452, guid: b68e04260b325f046a45055fc4e9b986,
        type: 3}
      propertyPath: m_LocalPosition.x
      value: -18.1
      objectReference: {fileID: 0}
    - target: {fileID: 3393605439687009452, guid: b68e04260b325f046a45055fc4e9b986,
        type: 3}
      propertyPath: m_LocalPosition.y
      value: 1.49
      objectReference: {fileID: 0}
    - target: {fileID: 3393605439687009452, guid: b68e04260b325f046a45055fc4e9b986,
        type: 3}
      propertyPath: m_LocalPosition.z
      value: 0.38
      objectReference: {fileID: 0}
    - target: {fileID: 3393605439687009452, guid: b68e04260b325f046a45055fc4e9b986,
        type: 3}
      propertyPath: m_LocalRotation.x
      value: 0
      objectReference: {fileID: 0}
    - target: {fileID: 3393605439687009452, guid: b68e04260b325f046a45055fc4e9b986,
        type: 3}
      propertyPath: m_LocalRotation.y
      value: 0.7807577
      objectReference: {fileID: 0}
    - target: {fileID: 3393605439687009452, guid: b68e04260b325f046a45055fc4e9b986,
        type: 3}
      propertyPath: m_LocalRotation.z
      value: 0
      objectReference: {fileID: 0}
    - target: {fileID: 3393605439687009452, guid: b68e04260b325f046a45055fc4e9b986,
        type: 3}
      propertyPath: m_LocalRotation.w
      value: 0.6248339
      objectReference: {fileID: 0}
    - target: {fileID: 3393605439687009452, guid: b68e04260b325f046a45055fc4e9b986,
        type: 3}
      propertyPath: m_RootOrder
      value: 3
      objectReference: {fileID: 0}
    - target: {fileID: 3393605439687009452, guid: b68e04260b325f046a45055fc4e9b986,
        type: 3}
      propertyPath: m_LocalEulerAnglesHint.x
      value: 0
      objectReference: {fileID: 0}
    - target: {fileID: 3393605439687009452, guid: b68e04260b325f046a45055fc4e9b986,
        type: 3}
      propertyPath: m_LocalEulerAnglesHint.y
      value: 102.66
      objectReference: {fileID: 0}
    - target: {fileID: 3393605439687009452, guid: b68e04260b325f046a45055fc4e9b986,
        type: 3}
      propertyPath: m_LocalEulerAnglesHint.z
      value: 0
      objectReference: {fileID: 0}
    - target: {fileID: 3393605439687009453, guid: b68e04260b325f046a45055fc4e9b986,
        type: 3}
      propertyPath: m_Name
      value: Fish
      objectReference: {fileID: 0}
    m_RemovedComponents: []
  m_SourcePrefab: {fileID: 100100000, guid: b68e04260b325f046a45055fc4e9b986, type: 3}
--- !u!1001 &8998071210212731531
PrefabInstance:
  m_ObjectHideFlags: 0
  serializedVersion: 2
  m_Modification:
    m_TransformParent: {fileID: 0}
    m_Modifications:
    - target: {fileID: 1679182959542001875, guid: 62d0109cf13d3c74fb478b6e1403866f,
        type: 3}
      propertyPath: m_AnchorMax.y
      value: 0
      objectReference: {fileID: 0}
    - target: {fileID: 1773174131580295657, guid: 62d0109cf13d3c74fb478b6e1403866f,
        type: 3}
      propertyPath: m_Name
      value: MoodCanvas
      objectReference: {fileID: 0}
    - target: {fileID: 1812870150382643704, guid: 62d0109cf13d3c74fb478b6e1403866f,
        type: 3}
      propertyPath: m_AnchorMax.y
      value: 0
      objectReference: {fileID: 0}
    - target: {fileID: 4333358216307607662, guid: 62d0109cf13d3c74fb478b6e1403866f,
        type: 3}
      propertyPath: m_AnchorMax.y
      value: 0
      objectReference: {fileID: 0}
    - target: {fileID: 6081012062695283228, guid: 62d0109cf13d3c74fb478b6e1403866f,
        type: 3}
      propertyPath: m_LocalPosition.x
      value: 0
      objectReference: {fileID: 0}
    - target: {fileID: 6081012062695283228, guid: 62d0109cf13d3c74fb478b6e1403866f,
        type: 3}
      propertyPath: m_LocalPosition.y
      value: 0
      objectReference: {fileID: 0}
    - target: {fileID: 6081012062695283228, guid: 62d0109cf13d3c74fb478b6e1403866f,
        type: 3}
      propertyPath: m_LocalPosition.z
      value: 0
      objectReference: {fileID: 0}
    - target: {fileID: 6081012062695283228, guid: 62d0109cf13d3c74fb478b6e1403866f,
        type: 3}
      propertyPath: m_LocalRotation.x
      value: 0
      objectReference: {fileID: 0}
    - target: {fileID: 6081012062695283228, guid: 62d0109cf13d3c74fb478b6e1403866f,
        type: 3}
      propertyPath: m_LocalRotation.y
      value: 0
      objectReference: {fileID: 0}
    - target: {fileID: 6081012062695283228, guid: 62d0109cf13d3c74fb478b6e1403866f,
        type: 3}
      propertyPath: m_LocalRotation.z
      value: 0
      objectReference: {fileID: 0}
    - target: {fileID: 6081012062695283228, guid: 62d0109cf13d3c74fb478b6e1403866f,
        type: 3}
      propertyPath: m_LocalRotation.w
      value: 1
      objectReference: {fileID: 0}
    - target: {fileID: 6081012062695283228, guid: 62d0109cf13d3c74fb478b6e1403866f,
        type: 3}
      propertyPath: m_RootOrder
      value: 14
      objectReference: {fileID: 0}
    - target: {fileID: 6081012062695283228, guid: 62d0109cf13d3c74fb478b6e1403866f,
        type: 3}
      propertyPath: m_LocalEulerAnglesHint.x
      value: 0
      objectReference: {fileID: 0}
    - target: {fileID: 6081012062695283228, guid: 62d0109cf13d3c74fb478b6e1403866f,
        type: 3}
      propertyPath: m_LocalEulerAnglesHint.y
      value: 0
      objectReference: {fileID: 0}
    - target: {fileID: 6081012062695283228, guid: 62d0109cf13d3c74fb478b6e1403866f,
        type: 3}
      propertyPath: m_LocalEulerAnglesHint.z
      value: 0
      objectReference: {fileID: 0}
    - target: {fileID: 6081012062695283228, guid: 62d0109cf13d3c74fb478b6e1403866f,
        type: 3}
      propertyPath: m_AnchoredPosition.x
      value: 0
      objectReference: {fileID: 0}
    - target: {fileID: 6081012062695283228, guid: 62d0109cf13d3c74fb478b6e1403866f,
        type: 3}
      propertyPath: m_AnchoredPosition.y
      value: 0
      objectReference: {fileID: 0}
    - target: {fileID: 6081012062695283228, guid: 62d0109cf13d3c74fb478b6e1403866f,
        type: 3}
      propertyPath: m_SizeDelta.x
      value: 0
      objectReference: {fileID: 0}
    - target: {fileID: 6081012062695283228, guid: 62d0109cf13d3c74fb478b6e1403866f,
        type: 3}
      propertyPath: m_SizeDelta.y
      value: 0
      objectReference: {fileID: 0}
    - target: {fileID: 6081012062695283228, guid: 62d0109cf13d3c74fb478b6e1403866f,
        type: 3}
      propertyPath: m_AnchorMin.x
      value: 0
      objectReference: {fileID: 0}
    - target: {fileID: 6081012062695283228, guid: 62d0109cf13d3c74fb478b6e1403866f,
        type: 3}
      propertyPath: m_AnchorMin.y
      value: 0
      objectReference: {fileID: 0}
    - target: {fileID: 6081012062695283228, guid: 62d0109cf13d3c74fb478b6e1403866f,
        type: 3}
      propertyPath: m_AnchorMax.x
      value: 0
      objectReference: {fileID: 0}
    - target: {fileID: 6081012062695283228, guid: 62d0109cf13d3c74fb478b6e1403866f,
        type: 3}
      propertyPath: m_AnchorMax.y
      value: 0
      objectReference: {fileID: 0}
    - target: {fileID: 6081012062695283228, guid: 62d0109cf13d3c74fb478b6e1403866f,
        type: 3}
      propertyPath: m_Pivot.x
      value: 0
      objectReference: {fileID: 0}
    - target: {fileID: 6081012062695283228, guid: 62d0109cf13d3c74fb478b6e1403866f,
        type: 3}
      propertyPath: m_Pivot.y
      value: 0
      objectReference: {fileID: 0}
    - target: {fileID: 6811357745942347620, guid: 62d0109cf13d3c74fb478b6e1403866f,
        type: 3}
      propertyPath: m_AnchorMax.y
      value: 0
      objectReference: {fileID: 0}
    m_RemovedComponents: []
  m_SourcePrefab: {fileID: 100100000, guid: 62d0109cf13d3c74fb478b6e1403866f, type: 3}
--- !u!1001 &9222359620490358629
PrefabInstance:
  m_ObjectHideFlags: 0
  serializedVersion: 2
  m_Modification:
    m_TransformParent: {fileID: 0}
    m_Modifications:
    - target: {fileID: 2280755338510366284, guid: 3a34186fe06636945b09b3bcf794a947,
        type: 3}
      propertyPath: m_Name
      value: InteractivePopUp
      objectReference: {fileID: 0}
    - target: {fileID: 4998183288443921133, guid: 3a34186fe06636945b09b3bcf794a947,
        type: 3}
      propertyPath: m_LocalPosition.x
      value: 0
      objectReference: {fileID: 0}
    - target: {fileID: 4998183288443921133, guid: 3a34186fe06636945b09b3bcf794a947,
        type: 3}
      propertyPath: m_LocalPosition.y
      value: 0
      objectReference: {fileID: 0}
    - target: {fileID: 4998183288443921133, guid: 3a34186fe06636945b09b3bcf794a947,
        type: 3}
      propertyPath: m_LocalPosition.z
      value: 0
      objectReference: {fileID: 0}
    - target: {fileID: 4998183288443921133, guid: 3a34186fe06636945b09b3bcf794a947,
        type: 3}
      propertyPath: m_LocalRotation.x
      value: 0
      objectReference: {fileID: 0}
    - target: {fileID: 4998183288443921133, guid: 3a34186fe06636945b09b3bcf794a947,
        type: 3}
      propertyPath: m_LocalRotation.y
      value: -0.08776426
      objectReference: {fileID: 0}
    - target: {fileID: 4998183288443921133, guid: 3a34186fe06636945b09b3bcf794a947,
        type: 3}
      propertyPath: m_LocalRotation.z
      value: -0
      objectReference: {fileID: 0}
    - target: {fileID: 4998183288443921133, guid: 3a34186fe06636945b09b3bcf794a947,
        type: 3}
      propertyPath: m_LocalRotation.w
      value: 0.9961413
      objectReference: {fileID: 0}
    - target: {fileID: 4998183288443921133, guid: 3a34186fe06636945b09b3bcf794a947,
        type: 3}
      propertyPath: m_RootOrder
      value: 1
      objectReference: {fileID: 0}
    - target: {fileID: 4998183288443921133, guid: 3a34186fe06636945b09b3bcf794a947,
        type: 3}
      propertyPath: m_LocalEulerAnglesHint.x
      value: 0
      objectReference: {fileID: 0}
    - target: {fileID: 4998183288443921133, guid: 3a34186fe06636945b09b3bcf794a947,
        type: 3}
      propertyPath: m_LocalEulerAnglesHint.y
      value: -10.070001
      objectReference: {fileID: 0}
    - target: {fileID: 4998183288443921133, guid: 3a34186fe06636945b09b3bcf794a947,
        type: 3}
      propertyPath: m_LocalEulerAnglesHint.z
      value: 0
      objectReference: {fileID: 0}
    m_RemovedComponents: []
  m_SourcePrefab: {fileID: 100100000, guid: 3a34186fe06636945b09b3bcf794a947, type: 3}
